<record><leader>00000cas a2200000 a 4500</leader><controlfield tag="001">13107945</controlfield><controlfield tag="008">860205d18851983cauwr ne      0    0eng c</controlfield><datafield ind1=" " ind2=" " tag="010"><subfield code="a">sn 85066388 </subfield></datafield><datafield ind1=" " ind2=" " tag="040"><subfield code="a">KSH</subfield><subfield code="b">eng</subfield><subfield code="c">KSH</subfield><subfield code="d">NPT</subfield><subfield code="d">CNK</subfield><subfield code="d">OCLCQ</subfield><subfield code="d">CNK</subfield><subfield code="d">OCLCQ</subfield><subfield code="d">OCLCF</subfield><subfield code="d">OCLCO</subfield></datafield><datafield ind1="1" ind2=" " tag="029"><subfield code="a">AU@</subfield><subfield code="b">000025839621</subfield></datafield><datafield ind1=" " ind2=" " tag="042"><subfield code="a">pcc</subfield></datafield><datafield ind1=" " ind2=" " tag="043"><subfield code="a">n-us-ca</subfield></datafield><datafield ind1="0" ind2=" " tag="130"><subfield code="a">Inyo register (Bishop, Calif. : 1885)</subfield></datafield><datafield ind1="1" ind2="0" tag="245"><subfield code="a">Inyo register.</subfield></datafield><datafield ind1=" " ind2=" " tag="260"><subfield code="a">Bishop Creek, Inyo Co., Cal. :</subfield><subfield code="b">P.A. Chalfant &amp; Son</subfield></datafield><datafield ind1=" " ind2=" " tag="300"><subfield code="a">v. ;</subfield><subfield code="c">54 cm.</subfield></datafield><datafield ind1=" " ind2=" " tag="310"><subfield code="a">Weekly</subfield></datafield><datafield ind1="0" ind2=" " tag="362"><subfield code="a">Vol. 1, no. 1 (Oct. 1, 1885)-June 9, 1983.</subfield></datafield><datafield ind1=" " ind2=" " tag="515"><subfield code="a">Vol. designation ceases with 84th year, no. 16, Apr. 17, 1969; issue numbering repeats each year thereafter.</subfield></datafield><datafield ind1=" " ind2=" " tag="530"><subfield code="a">Master negatives are available for duplication from:</subfield><subfield code="b">California Newspaper Microfilm Archive;</subfield><subfield code="c">positive copies may be purchased by the reel; for further information consult the CNMA at:</subfield><subfield code="u">http://cbsr.ucr.edu</subfield></datafield><datafield ind1=" " ind2="0" tag="651"><subfield code="a">Mono County (Calif.)</subfield><subfield code="v">Newspapers.</subfield></datafield><datafield ind1=" " ind2="0" tag="651"><subfield code="a">Inyo County (Calif.)</subfield><subfield code="v">Newspapers.</subfield></datafield><datafield ind1=" " ind2="7" tag="655"><subfield code="a">Newspapers.</subfield><subfield code="2">fast</subfield><subfield code="0">(OCoLC)fst01423814</subfield></datafield><datafield ind1=" " ind2="7" tag="651"><subfield code="a">California</subfield><subfield code="z">Inyo County.</subfield><subfield code="2">fast</subfield><subfield code="0">(OCoLC)fst01212995</subfield></datafield><datafield ind1=" " ind2="7" tag="651"><subfield code="a">California</subfield><subfield code="z">Mono County.</subfield><subfield code="2">fast</subfield><subfield code="0">(OCoLC)fst01213863</subfield></datafield><datafield ind1=" " ind2=" " tag="752"><subfield code="a">United States</subfield><subfield code="b">California</subfield><subfield code="c">Inyo</subfield><subfield code="d">Bishop.</subfield></datafield><datafield ind1="0" ind2="0" tag="780"><subfield code="t">Inyo County register</subfield><subfield code="w">(DLC)sn 94051713</subfield></datafield><datafield ind1="0" ind2="7" tag="785"><subfield code="t">Inyo independent &amp; Owens Valley progress-citizen</subfield><subfield code="w">(DLC)sn 92070152</subfield></datafield><datafield ind1="0" ind2="7" tag="785"><subfield code="t">Inyo register &amp; independent and Owens Valley progress-citizen</subfield><subfield code="w">(DLC)sn 83005352</subfield></datafield></record>